<?xml version="1.0" encoding="UTF-8"?><collection xmlns="http://www.loc.gov/MARC21/slim"><record><leader>00372nam--2200145-i-4500</leader><controlfield tag="001">000032805</controlfield><controlfield tag="002">20161230</controlfield><controlfield tag="005">20161230201039</controlfield><controlfield tag="008">060222s1000------------r-----000-0-eng-d</controlfield><datafield ind1=" " ind2=" " tag="080"><subfield code="a">519.652:517.518.85</subfield></datafield><datafield ind1=" " ind2=" " tag="100"><subfield code="a">Micula, Gh</subfield></datafield><datafield ind1=" " ind2=" " tag="245"><subfield code="a">Functii spline si aplicatii</subfield></datafield><datafield ind1=" " ind2=" " tag="260"><subfield code="a">Bucuresti, Ed.Tehnica, 1978. 335p</subfield></datafield><datafield ind1=" " ind2=" " tag="852"><subfield code="a">45238</subfield><subfield code="c">517.5</subfield></datafield><datafield ind1=" " ind2=" " tag="CAT"><subfield code="a">Sys</subfield><subfield code="c">20080806</subfield><subfield code="h">132614</subfield></datafield></record></collection>